<record><leader>00000cas a22000007a 4500</leader><controlfield tag="001">17009260</controlfield><controlfield tag="008">871120d19041963nyuwr ne      0    0eng d</controlfield><datafield ind1=" " ind2=" " tag="010"><subfield code="a">sn 87070405 </subfield></datafield><datafield ind1=" " ind2=" " tag="040"><subfield code="a">NYS</subfield><subfield code="b">eng</subfield><subfield code="c">NYS</subfield><subfield code="d">NYG</subfield><subfield code="d">NYS</subfield><subfield code="d">OCL</subfield><subfield code="d">NYS</subfield><subfield code="d">OCLCQ</subfield><subfield code="d">OCLCF</subfield><subfield code="d">OCLCO</subfield></datafield><datafield ind1=" " ind2=" " tag="019"><subfield code="a">21545863</subfield></datafield><datafield ind1="1" ind2=" " tag="029"><subfield code="a">AU@</subfield><subfield code="b">000025797471</subfield></datafield><datafield ind1=" " ind2=" " tag="042"><subfield code="a">msc</subfield></datafield><datafield ind1=" " ind2=" " tag="043"><subfield code="a">n-us-ny</subfield></datafield><datafield ind1="0" ind2="0" tag="245"><subfield code="a">Cohocton Valley times and index.</subfield></datafield><datafield ind1="3" ind2="0" tag="246"><subfield code="a">Cohocton Valley times-index</subfield></datafield><datafield ind1="3" ind2="0" tag="246"><subfield code="a">Times-index</subfield></datafield><datafield ind1="1" ind2="3" tag="246"><subfield code="a">Potato growers' journal</subfield></datafield><datafield ind1="1" ind2="3" tag="246"><subfield code="a">Atlanta and North Cohocton times-index</subfield><subfield code="f">&lt;1945-1961&gt;</subfield></datafield><datafield ind1="1" ind2="3" tag="246"><subfield code="a">Wallace and Avoca times-index</subfield><subfield code="f">&lt;1945-1961&gt;</subfield></datafield><datafield ind1=" " ind2=" " tag="260"><subfield code="a">Cohocton, N.Y. :</subfield><subfield code="b">Vincent L. Tripp</subfield></datafield><datafield ind1=" " ind2=" " tag="300"><subfield code="a">v.</subfield></datafield><datafield ind1=" " ind2=" " tag="310"><subfield code="a">Weekly</subfield></datafield><datafield ind1="0" ind2=" " tag="362"><subfield code="a">Vol. 13, no. 14 (Aug. 24, 1904)-v. 86, no. 1 (Aug. 7, 1963).</subfield></datafield><datafield ind1=" " ind2=" " tag="500"><subfield code="a">Published as: Cohocton Valley times-index, Jan. 15, 1908-1963.</subfield></datafield><datafield ind1=" " ind2=" " tag="500"><subfield code="a">Contains a section titled "The Potato growers' journal."</subfield></datafield><datafield ind1=" " ind2=" " tag="500"><subfield code="a">Includes pages with headings: Atlanta and North Cohocton Times=index, &lt;Feb. 1945-1961&gt;; and: Wallace and Avoca times=index, &lt;Feb. 1945-1961&gt;.</subfield></datafield><datafield ind1=" " ind2=" " tag="515"><subfield code="a">Suspended with Nov. 22, 1961 issue; resumed with Nov. 12, 1962 issue.</subfield></datafield><datafield ind1=" " ind2="0" tag="650"><subfield code="a">Agriculture</subfield><subfield code="z">New York (State)</subfield><subfield code="v">Newspapers.</subfield></datafield><datafield ind1=" " ind2="0" tag="650"><subfield code="a">Potato growers</subfield><subfield code="z">New York (State)</subfield><subfield code="v">Newspapers.</subfield></datafield><datafield ind1=" " ind2="4" tag="651"><subfield code="a">Cohocton (N.Y.)</subfield><subfield code="v">Newspapers.</subfield></datafield><datafield ind1=" " ind2="4" tag="651"><subfield code="a">Atlanta (N.Y.)</subfield><subfield code="v">Newspapers.</subfield></datafield><datafield ind1=" " ind2="4" tag="651"><subfield code="a">North Cohocton (N.Y.)</subfield><subfield code="v">Newspapers.</subfield></datafield><datafield ind1=" " ind2="4" tag="651"><subfield code="a">Wallace (N.Y.)</subfield><subfield code="v">Newspapers.</subfield></datafield><datafield ind1=" " ind2="4" tag="651"><subfield code="a">Avoca (N.Y. : Town)</subfield><subfield code="v">Newspapers.</subfield></datafield><datafield ind1=" " ind2="7" tag="655"><subfield code="a">Newspapers.</subfield><subfield code="2">fast</subfield><subfield code="0">(OCoLC)fst01423814</subfield></datafield><datafield ind1=" " ind2="7" tag="650"><subfield code="a">Agriculture.</subfield><subfield code="2">fast</subfield><subfield code="0">(OCoLC)fst00801355</subfield></datafield><datafield ind1=" " ind2="7" tag="650"><subfield code="a">Potato growers.</subfield><subfield code="2">fast</subfield><subfield code="0">(OCoLC)fst01073346</subfield></datafield><datafield ind1=" " ind2="7" tag="651"><subfield code="a">New York (State)</subfield><subfield code="2">fast</subfield><subfield code="0">(OCoLC)fst01210280</subfield></datafield><datafield ind1=" " ind2=" " tag="752"><subfield code="a">United States</subfield><subfield code="b">New York</subfield><subfield code="c">Steuben</subfield><subfield code="d">Cohocton.</subfield></datafield><datafield ind1="0" ind2="0" tag="780"><subfield code="t">Cohocton times-index</subfield><subfield code="w">(DLC)sn 90066081</subfield><subfield code="w">(OCoLC)21545646</subfield></datafield></record>